<record><leader>00000cas a22000007a 4500</leader><controlfield tag="001">11643248</controlfield><controlfield tag="008">850131d18571933wiuwr ne      0    0eng d</controlfield><datafield ind1=" " ind2=" " tag="010"><subfield code="a">sn 85033071 </subfield></datafield><datafield ind1=" " ind2=" " tag="040"><subfield code="a">NPU</subfield><subfield code="b">eng</subfield><subfield code="c">NPU</subfield><subfield code="d">OCL</subfield><subfield code="d">NPV</subfield><subfield code="d">NPX</subfield><subfield code="d">NVF</subfield><subfield code="d">OCL</subfield><subfield code="d">OCLCQ</subfield><subfield code="d">OCLCF</subfield><subfield code="d">OCLCO</subfield><subfield code="d">CUS</subfield></datafield><datafield ind1=" " ind2=" " tag="042"><subfield code="a">msc</subfield></datafield><datafield ind1=" " ind2=" " tag="043"><subfield code="a">n-us-wi</subfield></datafield><datafield ind1=" " ind2=" " tag="045"><subfield code="a">w5x3</subfield></datafield><datafield ind1=" " ind2="4" tag="050"><subfield code="a">AN</subfield></datafield><datafield ind1=" " ind2=" " tag="052"><subfield code="a">4123</subfield><subfield code="b">C3</subfield></datafield><datafield ind1="0" ind2="0" tag="245"><subfield code="a">Chilton times.</subfield></datafield><datafield ind1="1" ind2="3" tag="246"><subfield code="a">Times</subfield></datafield><datafield ind1=" " ind2=" " tag="260"><subfield code="a">Chilton, Wis. :</subfield><subfield code="b">C.W. Fitch,</subfield><subfield code="c">1857-1933.</subfield></datafield><datafield ind1=" " ind2=" " tag="300"><subfield code="a">volumes :</subfield><subfield code="b">illustrations ;</subfield><subfield code="c">64 cm.</subfield></datafield><datafield ind1=" " ind2=" " tag="310"><subfield code="a">Weekly</subfield></datafield><datafield ind1=" " ind2=" " tag="336"><subfield code="a">text</subfield><subfield code="b">txt</subfield><subfield code="2">rdacontent</subfield></datafield><datafield ind1=" " ind2=" " tag="337"><subfield code="a">unmediated</subfield><subfield code="b">n</subfield><subfield code="2">rdamedia</subfield></datafield><datafield ind1=" " ind2=" " tag="338"><subfield code="a">volume</subfield><subfield code="b">nc</subfield><subfield code="2">rdacarrier</subfield></datafield><datafield ind1="0" ind2=" " tag="362"><subfield code="a">Vol. 1, no. 1 (Sept. 26, 1857)-v. 76, no. 22 (Feb. 23, 1933).</subfield></datafield><datafield ind1=" " ind2=" " tag="500"><subfield code="a">Issue for Jan. 2, 1864 reads: Times. Chilton.</subfield></datafield><datafield ind1=" " ind2=" " tag="500"><subfield code="a">Editors: C.W. Fitch, Sept. 26, 1857; J.P. Hume, May 27, 1858-Aug. 27, 1881; W.A. Hume &amp; J.P. Hume, Jr., Sept. 3, 1881-July 9, 1887.</subfield></datafield><datafield ind1=" " ind2=" " tag="525"><subfield code="a">Supplements accompany some issues.</subfield></datafield><datafield ind1=" " ind2=" " tag="530"><subfield code="a">Available on microfilm from the State Historical Society of Wisconsin.</subfield></datafield><datafield ind1=" " ind2="0" tag="651"><subfield code="a">Chilton (Wis.)</subfield><subfield code="v">Newspapers.</subfield></datafield><datafield ind1=" " ind2="7" tag="651"><subfield code="a">Wisconsin</subfield><subfield code="z">Chilton.</subfield><subfield code="2">fast</subfield><subfield code="0">(OCoLC)fst01222761</subfield></datafield><datafield ind1=" " ind2="7" tag="655"><subfield code="a">Newspapers.</subfield><subfield code="2">fast</subfield><subfield code="0">(OCoLC)fst01423814</subfield></datafield><datafield ind1=" " ind2=" " tag="752"><subfield code="a">United States</subfield><subfield code="b">Wisconsin</subfield><subfield code="c">Calumet</subfield><subfield code="d">Chilton.</subfield></datafield><datafield ind1="0" ind2="7" tag="785"><subfield code="t">Independent journal (Chilton, Wis.)</subfield><subfield code="w">(DLC)sn 85041168</subfield><subfield code="w">(OCoLC)12580248</subfield></datafield><datafield ind1="0" ind2="7" tag="785"><subfield code="t">Chilton times-journal</subfield><subfield code="w">(DLC)sn 86086140</subfield><subfield code="w">(OCoLC)13311588</subfield></datafield></record>